%% This BibTeX bibliography file was created using BibDesk.
%% http://bibdesk.sourceforge.net/

%% Saved with string encoding Unicode (UTF-8) 
@book{kocijan2016modelling,
  title={Modelling and control of dynamic systems using Gaussian process models},
  author={Kocijan, Ju{\v{s}}},
  year={2016},
  publisher={Springer}
}
@misc{international2005loading,
  title={Loading guide for oil-immersed power transformers},
  author={International Electrotechnical Commission and others},
  year={2005},
  publisher={IEC Publications}
}

@article{zhang2020machine,
  title={Machine Learning Properties of Electrolyte Additives: A Focus on Redox Potentials},
  author={Zhang, Yun and Xu, Xiaojie},
  journal={Industrial \& Engineering Chemistry Research},
  year={2020},
  publisher={ACS Publications}
}
@article{aizpurua2018adaptive,
  title={Adaptive power transformer lifetime predictions through machine learning and uncertainty modeling in nuclear power plants},
  author={Aizpurua, Jose Ignacio and McArthur, Stephen DJ and Stewart, Brian G and Lambert, Brandon and Cross, James G and Catterson, Victoria M},
  journal={IEEE Trans on Industrial Electronics},
  volume={66},
  number={6},
  pages={4726--4737},
  year={2018},
  publisher={IEEE}
}

@article{snoek2012practical,
  title={Practical bayesian optimization of machine learning algorithms},
  author={Snoek, Jasper and Larochelle, Hugo and Adams, Ryan P},
  journal={arXiv preprint arXiv:1206.2944},
  year={2012}
}
@article{zhangLB12020solubility,
  title={Solubility predictions through LSBoost for supercritical carbon dioxide in ionic liquids},
  author={Zhang, Yun and Xu, Xiaojie},
  journal={New Journal of Chemistry},
  volume={44},
  number={47},
  pages={20544--20567},
  year={2020},
  publisher={Royal Society of Chemistry}
}
@article{zhang2021predicting,
  title={Predicting the material removal rate during electrical discharge diamond grinding using the Gaussian process regression: a comparison with the artificial neural network and response surface methodology},
  author={Zhang, Yun and Xu, Xiaojie},
  journal={The International Journal of Advanced Manufacturing Technology},
  volume={113},
  number={5},
  pages={1527--1533},
  year={2021},
  publisher={Springer}
}
@article{zhanglb22021predictions,
  title={Predictions of the total crack length in solidification cracking through LSBoost},
  author={Zhang, Yun and Xu, Xiaojie},
  journal={Metallurgical and Materials Transactions},
  volume={52},
  number={3},
  pages={985--1005},
  year={2021},
  publisher={Springer}
}
@INPROCEEDINGS{shadab2020parameter,
  author={Shadab, S. and Hozefa, J. and Wagh, S. R. and Singh, N. M.},
  booktitle={ Australian and New Zealand Control Conference (ANZCC)}, 
  title={Parameter Convergence for Adaptive Control in Nonlinear System}, 
  year={2020},
  volume={},
  number={},
  pages={42-47},
  doi={10.1109/ANZCC50923.2020.9318333}}
@incollection{aggarwal2014active,
  title={Active learning: A survey},
  author={Aggarwal, Charu C and Kong, Xiangnan and Gu, Quanquan and Han, Jiawei and Philip, S Yu},
  booktitle={Data Classification: Algorithms and Applications},
  pages={571--605},
  year={2014},
  publisher={CRC Press}
}
@article{zhang2020relative,
  title={Relative cooling power modeling of lanthanum manganites using Gaussian process regression},
  author={Zhang, Yun and Xu, Xiaojie},
  journal={RSC Advances},
  volume={10},
  number={35},
  pages={20646--20653},
  year={2020},
  publisher={Royal Society of Chemistry}
}
@phdthesis{mchutchon2015nonlinear,
  title={Nonlinear modelling and control using Gaussian processes},
  author={McHutchon, Andrew James and others},
  year={2015},
  school={Citeseer}
}
@article{zhang2021predicting11,
  title={Predicting multiple properties of pervious concrete through the gaussian process regression},
  author={Zhang, Y and Xu, X},
  journal={Adv Civil Eng Mater},
  volume={10},
  number={1},
  year={2021}
}
@book{hassoun1995fundamentals,
  title={Fundamentals of artificial neural networks},
  author={Hassoun, Mohamad H and others},
  year={1995},
  publisher={MIT press}
}
@ARTICLE{9313995,
  author={J. {Ruan} and Y. {Deng} and Y. {Quan} and R. {Gong}},
  journal={IEEE Access}, 
  title={Inversion detection of transformer transient hot spot temperature}, 
  year={2021},
  volume={},
  number={},
  pages={1-1},
  doi={10.1109/ACCESS.2021.3049235}}
@article{kubat1999neural,
  title={Neural networks: a comprehensive foundation by Simon Haykin, Macmillan, 1994, ISBN 0-02-352781-7.},
  author={Kubat, Miroslav},
  journal={The Knowledge Engineering Review},
  volume={13},
  number={4},
  pages={409--412},
  year={1999},
  publisher={Cambridge University Press}
}
@inproceedings{najdenkoski2007thermal,
  title={Thermal aging of distribution transformers according to ieee and iec standards},
  author={Najdenkoski, Krste and Rafajlovski, Goran and Dimcev, V},
  booktitle={2007 IEEE Power Engineering Society General Meeting},
  pages={},
  year={2007},
  organization={IEEE}
}
@article{haykin2004comprehensive,
  title={A comprehensive foundation},
  author={Haykin, Simon and Network, Neural},
  journal={Neural networks},
  volume={2},
  number={2004},
  pages={41},
  year={2004}
}
@inproceedings{rasmussen2003gaussian,
  title={Gaussian processes in machine learning},
  author={Rasmussen, Carl Edward},
  booktitle={Summer School on Machine Learning},
  pages={63--71},
  year={2003},
  organization={Springer}
}
@article{susathesis,
  title={Dynamic thermal modelling of power transformers, Ph. D. dissertation. Dept. of Electrical and Communications Eng., Helsinki Univ. of Tehnology, 2005.},
  author={Susa, D},
  year={2005}
}
@book{williams2006gaussian,
  title={Gaussian processes for machine learning},
  author={Williams, Christopher KI and Rasmussen, Carl Edward},
  volume={2},
  number={3},
  year={2006},
  publisher={MIT press Cambridge, MA}
}
@inproceedings{daghrah2016experimental,
  title={Experimental investigation of hot spot factor for assessing hot spot temperature in transformers},
  author={Daghrah, M and Wang, ZD and Liu, Q and Walker, D and Krause, Ch and Wilson, G},
  booktitle={2016 International Conference on Condition Monitoring and Diagnosis (CMD)},
  pages={948--951},
  year={2016},
  organization={IEEE}
}
@article{susa2006dynamicqq,
  title={Dynamic thermal modeling of power transformers: further Development-part II},
  author={Susa, Dejan and Lehtonen, Matti},
  journal={IEEE Trans on power delivery},
  volume={21},
  number={4},
  pages={1971--1980},
  year={Oct. 2006},
  publisher={IEEE}
  }
@article{swift2001fundamentalq,
  title={A fundamental approach to transformer thermal modeling. II. Field verification},
  author={Swift, Glenn and Molinski, Tom S and Bray, Ren{\'e} and Menzies, Robert},
  journal={IEEE Trans on Power Delivery},
  volume={16},
  number={2},
  pages={176--180},
  year={Apr. 2001},
  publisher={IEEE}
}
@article{hell2008participatory,
  title={Participatory learning in power transformers thermal modeling},
  author={Hell, Michel and Costa, Pyramo and Gomide, Fernando},
  journal={IEEE Trans on Power Delivery},
  volume={23},
  number={4},
  pages={2058--2067},
  year={2008},
  publisher={IEEE}
}
@article{seier2015data,
  title={Data-driven thermal modeling of residential service transformers},
  author={Seier, Andrew and Hines, Paul DH and Frolik, Jeff},
  journal={IEEE Trans on Smart Grid},
  volume={6},
  number={2},
  pages={1019--1025},
  year={2015},
  publisher={IEEE}
}
@article{bracale2018probabilistic,
  title={A probabilistic approach for forecasting the allowable current of oil-immersed transformers},
  author={Bracale, Antonio and Carpinelli, Guido and Pagano, Mario and De Falco, Pasquale},
  journal={IEEE Trans on Power Delivery},
  volume={33},
  number={4},
  pages={1825--1834},
  year={2018},
  publisher={IEEE}
}
@article{nordman2003temperature,
  title={Temperature responses to step changes in the load current of power transformers},
  author={Nordman, Hasse and Rafsback, Niclas and Susa, Dejan},
  journal={IEEE Trans on Power Delivery},
  volume={18},
  number={4},
  pages={1110--1117},
  year={2003},
  publisher={IEEE}
}
@ARTICLE{tahkolaljn,
  author={M. {Tahkola} and J. {Ker√§nen} and D. {Sedov} and M. F. {Far} and J. {Kortelainen}},
  journal={IEEE Access}, 
  title={Surrogate Modeling of Electrical Machine Torque Using Artificial Neural Networks}, 
  year={2020},
  volume={8},
  number={},
  pages={220027-220045},
  doi={10.1109/ACCESS.2020.3042834}}
@article{ericok2019gaussian,
  title={Gaussian process and design of experiments for surrogate modeling of optical properties of fractal aggregates},
  author={Ericok, Ozan Burak and {\"O}zbek, Atay Kaan and Cemgil, Ali Taylan and Ert{\"u}rk, Hakan},
  journal={Journal of Quantitative Spectroscopy and Radiative Transfer},
  volume={239},
  pages={106643},
  year={2019},
  publisher={Elsevier}
}
@article{susa2009simple,
  title={A simple model for calculating transformer hot-spot temperature},
  author={Susa, Dejan and Nordman, Hasse},
  journal={IEEE Trans on power delivery},
  volume={24},
  number={3},
  pages={1257--1265},
  year={June 2009},
  publisher={IEEE}
}

@inproceedings{williams1996gaussian,
  title={Gaussian processes for regression},
  author={Williams, Christopher KI and Rasmussen, Carl Edward},
  booktitle={Advances in neural information processing systems},
  pages={},
  year={1996}
}
@book{aster2018parameter,
  title={Parameter estimation and inverse problems},
  author={Aster, Richard C and Borchers, Brian and Thurber, Clifford H},
  year={2018},
  publisher={Elsevier}
}
@inproceedings{engel2005reinforcement,
  title={Reinforcement learning with Gaussian processes},
  author={Engel, Yaakov and Mannor, Shie and Meir, Ron},
  booktitle={Proceedings of the 22nd international conference on Machine learning},
  pages={201--208},
  year={2005}
}
@article{schrangl2020iterative,
  title={Iterative Model Identification of Nonlinear Systems of Unknown Structure: Systematic Data-Based Modeling Utilizing Design of Experiments},
  author={Schrangl, Patrick and Tkachenko, Pavlo and del Re, Luigi},
  journal={IEEE Control Systems Magazine},
  volume={40},
  number={3},
  pages={26--48},
  year={2020},
  publisher={IEEE}
}
@inproceedings{del2011role,
  title={The role of data choice in data driven identification for online emission models},
  author={del Re, Luigi and Hirsch, Markus and Alberer, Daniel and Winkler, Stephan},
  booktitle={2011 IEEE Symposium CIVTS Proceedings},
  pages={46--51},
  year={2011},
  organization={IEEE}
}
@article{boyd1986necessary,
  title={Necessary and sufficient conditions for parameter convergence in adaptive control},
  author={Boyd, Stephen and Sastry, Sosale Shankara},
  journal={Automatica},
  volume={22},
  number={6},
  pages={629--639},
  year={1986},
  publisher={Elsevier}
}
@article{weigen2009power,
  title={Power transformer top-oil temperature model based on thermal--electric analogy theory},
  author={Weigen, Chen and Chong, Pan and Yuxin, Yun},
  journal={European Transactions on Electrical Power},
  volume={19},
  number={3},
  pages={341--354},
  year={2009},
  publisher={Wiley Online Library}
}
@article{he2000prediction,
  title={Prediction of top-oil temperature for transformers using neural networks},
  author={He, Qing and Si, Jennie and Tylavsky, Daniel J},
  journal={IEEE Trans on Power Delivery},
  volume={15},
  number={4},
  pages={1205--1211},
  year={Oct. 2000},
  publisher={IEEE}
}
@article{doi:10.1137/0111030,
author = {Marquardt, Donald W.},
title = {An Algorithm for Least-Squares Estimation of Nonlinear Parameters},
journal = {Journal of the Society for Industrial and Applied Mathematics},
volume = {11},
number = {2},
pages = {431-441},
year = {1963},
doi = {10.1137/0111030},

URL = { 
       
},
eprint = { 
        
}
}
@article{gavin2019levenberg,
  title={The Levenberg-Marquardt algorithm for nonlinear least squares curve-fitting problems},
  author={Gavin, Henri P},
  journal={Department of Civil and Environmental Engineering, Duke University},
  pages={1--19},
  year={2019}
}


@phdthesis{roy2019relaxing,
  title={Relaxing persistence of excitation for parameter convergence in adaptive control: an initial excitation based approach},
  author={Roy, Sayan Basu},
  year={2019},
  school={IIT, Delhi}
}
@book{bishop2006pattern,
  title={Pattern recognition and machine learning},
  author={Bishop, Christopher M},
  year={2006},
  publisher={springer}
}
@article{roslan2017simplified,
  title={A simplified top-oil temperature model for transformers based on the pathway of energy transfer concept and the thermal-electrical analogy},
  author={Roslan, Muhammad Hakirin and Azis, Norhafiz and Kadir, Mohd Zainal Abidin Ab and Jasni, Jasronita and Ibrahim, Zulkifli and Ahmad, Azalan},
  journal={Energies},
  volume={10},
  number={11},
  pages={1843},
  year={2017},
  publisher={Multidisciplinary Digital Publishing Institute}
}
@article{gouda2012predicting,
  title={Predicting transformer temperature rise and loss of life in the presence of harmonic load currents},
  author={Gouda, OE and Amer, GM and Salem, WAA},
  journal={Ain Shams Engineering Journal},
  volume={3},
  number={2},
  pages={113--121},
  year={2012},
  publisher={Elsevier}
}
@article{narendra1987persistent, title={Persistent excitation in adaptive systems}, author={Narendra, Kumpati S and Annaswamy, Anuradha M}, journal={International Journal of Control}, volume={45}, number={1}, pages={127--160}, year={1987}, publisher={Taylor \& Francis} }
@article{kara2018adaptive,
  title={Adaptive approximate input--output linearizing control with applications to ball and beam mechanism},
  author={Kara, Tolgay and Eker, {\.I}lyas},
  journal={Transactions of the Institute of Measurement and Control},
  volume={40},
  number={4},
  pages={1201--1211},
  year={2018},
  publisher={SAGE Publications Sage UK: London, England}
}
@article{pan2019learning,
  title={Learning from adaptive control under relaxed excitation conditions},
  author={Pan, Yongping and Bobtsov, Alexey and Darouach, Mohamed and Joo, Young-Hoon},
  journal={International Journal of Adaptive Control and Signal Processing},
  volume={33},
  number={12},
  pages={1723--1725},
  year={2019},
  publisher={Wiley Online Library}
}

@incollection{nguyen2018model,
  title={Model-reference adaptive control},
  author={Nguyen, Nhan T},
  booktitle={Model-Reference Adaptive Control},
  pages={83--123},
  year={2018},
  publisher={Springer}
}
@inproceedings{pan2015composite,
  title={Composite learning control with application to inverted pendulums},
  author={Pan, Yongping and Pan, Lin and Yu, Haoyong},
  booktitle={2015 Chinese Automation Congress (CAC)},
  pages={232--236},
  year={2015},
  organization={IEEE}
}
@article{aranovskiy2016performance,
  title={Performance enhancement of parameter estimators via dynamic regressor extension and mixing},
  author={Aranovskiy, Stanislav and Bobtsov, Alexey and Ortega, Romeo and Pyrkin, Anton},
  journal={IEEE Trans on Automatic Control},
  volume={62},
  number={7},
  pages={3546--3550},
  year={2016},
  publisher={IEEE}
}
@article{ortega2020new,
  title={New results on parameter estimation via dynamic regressor extension and mixing: Continuous and discrete-time cases},
  author={Ortega, Romeo and Aranovskiy, Stanislav and Pyrkin, Anton and Astolfi, Alessandro and Bobtsov, Alexey},
  journal={IEEE Trans on Automatic Control},
  year={2020},
  publisher={IEEE}
}
@article{gevers2016identifiability,
  title={Identifiability and excitation of linearly parametrized rational systems},
  author={Gevers, Michel and Bazanella, Alexandre S and Coutinho, Daniel F and Dasgupta, Soura},
  journal={Automatica},
  volume={63},
  pages={38--46},
  year={2016},
  publisher={Elsevier}
}
@article{tylavsky2000sources,
  title={Sources of error in substation distribution transformer dynamic thermal modeling},
  author={Tylavsky, Daniel J and He, Qing and McCulla, Gary A and Hunt, James R},
  journal={IEEE Trans on Power Delivery},
  volume={15},
  number={1},
  pages={178--185},
  year={2000},
  publisher={IEEE}
}
@article{jauregui2008improving,
  title={Improving reliability assessment of transformer thermal top-oil model parameters estimated from measured data},
  author={Jauregui-Rivera, Lida and Mao, Xiaolin and Tylavsky, Daniel J},
  journal={IEEE Trans on Power Delivery},
  volume={24},
  number={1},
  pages={169--176},
  year={2008},
  publisher={IEEE}
}

@article{boyd1983parameter,
  title={On parameter convergence in adaptive control},
  author={Boyd, Stephen and Sastry, Shankar},
  journal={Systems \& control letters},
  volume={3},
  number={6},
  pages={311--319},
  year={1983},
  publisher={Elsevier}
}
@article{pierce1994predicting,
  title={Predicting liquid filled transformer loading capability},
  author={Pierce, Linden W},
  journal={IEEE Trans on Industry Applications},
  volume={30},
  number={1},
  pages={},
  year={1994},
  publisher={IEEE}
}
@article{lesieutre1997improved,
  title={An improved transformer top oil temperature model for use in an on-line monitoring and diagnostic system},
  author={Lesieutre, Bernard C and Hagman, Wayne H and Kirtley, JL},
  journal={IEEE Trans on Power Delivery},
  volume={12},
  number={1},
  pages={249--256},
  year={Jan. 1997},
  publisher={IEEE}
}
@ARTICLE{490538,
  author={},
  journal={IEEE Std C57.91-1995}, 
  title={IEEE Guide for Loading Mineral-Oil-Immersed Transformers}, 
  year={1996},
  volume={},
  number={},
  pages={i-},}
  @article{pradhan2003prediction,
  title={Prediction of hottest spot temperature (HST) in power and station transformers},
  author={Pradhan, MK and Ramu, TS},
  journal={IEEE Trans on Power Delivery},
  volume={18},
  number={4},
  pages={1275--1283},
  year={2003},
  publisher={IEEE}
}
@article{kang12015system,
  title={System probabilistic stability analysis of soil slopes using Gaussian process regression with Latin hypercube sampling},
  author={Kang, Fei and Han, Shaoxuan and Salgado, Rodrigo and Li, Junjie},
  journal={Computers and Geotechnics},
  volume={63},
  pages={13--25},
  year={2015},
  publisher={Elsevier}
}
@article{kang32019prediction,
  title={Prediction of long-term temperature effect in structural health monitoring of concrete dams using support vector machines with Jaya optimizer and salp swarm algorithms},
  author={Kang, Fei and Li, Junjie and Dai, Jianghong},
  journal={Advances in Engineering Software},
  volume={131},
  pages={60--76},
  year={2019},
  publisher={Elsevier}
}
@article{kang22020displacement,
  title={Displacement Model for Concrete Dam Safety Monitoring via Gaussian Process Regression Considering Extreme Air Temperature},
  author={Kang, Fei and Li, Junjie},
  journal={Journal of Structural Engineering},
  volume={146},
  number={1},
  pages={05019001-1-16},
  year={2020},
  publisher={American Society of Civil Engineers}
}
@book{ljung1983theory,
  title={Theory and practice of recursive identification},
  author={Ljung, Lennart and S{\"o}derstr{\"o}m, Torsten},
  year={1983},
  publisher={MIT press}
}
@article{mareels1987exciting,
  title={How exciting can a signal really be?},
  author={Mareels, IMY and Bitmead, RR and Gevers, M and Johnson Jr, CR and Kosut, RL and Poubelle, MA},
  journal={Systems \& control letters},
  volume={8},
  number={3},
  pages={197--204},
  year={1987},
  publisher={Elsevier}
}

@article{sastry1989adaptive,
  title={Adaptive control of linearizable systems},
  author={Sastry, Sosale Shankara and Isidori, Alberto},
  journal={IEEE Trans on Automatic Control},
  volume={34},
  number={11},
  pages={1123--1131},
  year={1989},
  publisher={IEEE}
}
@book{tao2003adaptive,
  title={Adaptive control design and analysis},
  author={Tao, Gang},
  volume={37},
  year={2003},
  publisher={John Wiley \& Sons}
}
@article{westenbroek2019feedback,
  title={Feedback linearization for unknown systems via reinforcement learning},
  author={Westenbroek, Tyler and Fridovich-Keil, David and Mazumdar, Eric and Arora, Shreyas and Prabhu, Valmik and Sastry, S Shankar and Tomlin, Claire J},
  journal={arXiv preprint arXiv:1910.13272},
  year={2019}
}

@inproceedings{chowdhary2010concurrent,
  title={Concurrent learning for convergence in adaptive control without persistency of excitation},
  author={Chowdhary, Girish and Johnson, Eric},
  booktitle={49th IEEE Conference on Decision and Control (CDC)},
  pages={3674--3679},
  year={2010},
  organization={IEEE}
}



@book{khalil2002nonlinear,
  title={Nonlinear systems},
  author={Khalil, Hassan K and Grizzle, Jessy W},
  volume={3},
  year={2002},
  publisher={Prentice hall Upper Saddle River, NJ}
}

@book{isidori2013nonlinear,
  title={Nonlinear control systems},
  author={Isidori, Alberto},
  year={2013},
  publisher={Springer Science \& Business Media}
}

@book{ioannou2012robust,
  title={Robust adaptive control},
  author={Ioannou, Petros A and Sun, Jing},
  year={2012},
  publisher={Courier Corporation}
}

@inproceedings{kanellakopoulos1991systematic,
  title={Systematic design of adaptive controllers for feedback linearizable systems},
  author={Kanellakopoulos, Ioannis and Kokotovic, Petar V and Morse, A Stephen},
  booktitle={1991 American Control Conference},
  pages={649--654},
  year={1991},
  organization={IEEE}
}
@book{narendra2012stable,
  title={Stable adaptive systems},
  author={Narendra, Kumpati S and Annaswamy, Anuradha M},
  year={2012},
  publisher={Courier Corporation}
}
@article{lewis2009reinforcement,
  title={Reinforcement learning and adaptive dynamic programming for feedback control},
  author={Lewis, Frank L and Vrabie, Draguna},
  journal={IEEE circuits and systems magazine},
  volume={9},
  number={3},
  pages={32--50},
  year={2009},
  publisher={IEEE}
}
@inproceedings{su2012simple,
  title={A simple thermal model of transformer hot spot temperature based on thermal-electrical analogy},
  author={Su, Xiaoping and Chen, Weigen and Pan, Chong and Zhou, Qu and Teng, Li},
  booktitle={2012 International Conference on High Voltage Engineering and Application},
  pages={492--495},
  year={2012},
  organization={IEEE}
}
@INPROCEEDINGS{8820349,
  author={R. {Sharma} and A. {Almelkar} and K. {Baghel} and S. {Syed} and K. {Sonam}},
  booktitle={2019 6th International Conference on Control, Decision and Information Technologies (CoDIT)}, 
  title={Extended High Gain Observer based Control Design for Buck-Boost Converters}, 
  year={2019},
  volume={},
  number={},
  pages={669-674},}
  @book{besanccon2007nonlinear,
  title={Nonlinear observers and applications},
  author={Besan{\c{c}}on, Gildas},
  volume={363},
  year={2007},
  publisher={Springer}
}
@article{khalil2017high,
  title={High-gain observers in feedback control: Application to permanent magnet synchronous motors},
  author={Khalil, Hassan K},
  journal={IEEE Control Systems Magazine},
  volume={37},
  number={3},
  pages={25--41},
  year={2017},
  publisher={IEEE}
}

@article{bhattacharyya2019modeling,
  title={Modeling of DC--DC converter using exact feedback linearization method: A discussion},
  author={Bhattacharyya, Debanjana and Padhee, Subhransu and Pati, Kishor Chandra},
  journal={IETE Journal of Research},
  volume={65},
  number={6},
  pages={843--854},
  year={2019},
  publisher={Taylor \& Francis}
}

@article{swift2001fundamental,
  title={A fundamental approach to transformer thermal modeling. I. Theory and equivalent circuit},
  author={Swift, Glenn and Molinski, Tom S and Lehn, Waldemar},
  journal={IEEE Trans on Power Delivery},
  volume={16},
  number={2},
  pages={171--175},
  year={Apr. 2001},
  publisher={IEEE}
}

@article{susa2005dynamic,
  title={Dynamic thermal modelling of power transformers},
  author={Susa, Dejan and Lehtonen, Matti and Nordman, Hasse},
  journal={IEEE Trans on Power Delivery},
  volume={20},
  number={1},
  pages={197--204},
  year={ Feb. 2005},
  publisher={IEEE}
}
@article{susa2006dynamic,
  title={Dynamic thermal modeling of power transformers: further Development-part I},
  author={Susa, Dejan and Lehtonen, Matti},
  journal={IEEE Trans on power delivery},
  volume={21},
  number={4},
  pages={1961--1970},
  year={Oct. 2006},
  publisher={IEEE}
}
@book{incropera2007fundamentals,
  title={Fundamentals of heat and mass transfer},
  author={Incropera, Frank P and Lavine, Adrienne S and Bergman, Theodore L and DeWitt, David P},
  year={2007},
  publisher={Wiley}
}
@article{galdi2001parameter,
  title={Parameter identification of power transformers thermal model via genetic algorithms},
  author={Galdi, V and Ippolito, L and Piccolo, A and Vaccaro, A},
  journal={Electric Power Systems Research},
  volume={60},
  number={2},
  pages={107--113},
  year={2001},
  publisher={Elsevier}
}
@article{rigatos2016power,
  title={Power transformers‚Äô condition monitoring using neural modeling and the local statistical approach to fault diagnosis},
  author={Rigatos, G and Siano, P},
  journal={International Journal of Electrical Power \& Energy Systems},
  volume={80},
  pages={150--159},
  year={2016},
  publisher={Elsevier}
}
@article{raeisian2019thermal,
  title={Thermal management of a distribution transformer: an optimization study of the cooling system using CFD and response surface methodology},
  author={Raeisian, Leyla and Niazmand, Hamid and Ebrahimnia-Bajestan, Ehsan and Werle, Peter},
  journal={International Journal of Electrical Power \& Energy Systems},
  volume={104},
  pages={443--455},
  year={2019},
  publisher={Elsevier}
}
@article{sun2019improved,
  title={Improved method for aging assessment of winding hot-spot insulation of transformer based on the 2-FAL concentration in oil},
  author={Sun, Weidong and Yang, Lijun and Zare, Firuz and Lin, Yuandi and Cheng, Zhidong},
  journal={International Journal of Electrical Power \& Energy Systems},
  volume={112},
  pages={191--198},
  year={2019},
  publisher={Elsevier}
}

